<?xml version="1.0" encoding="UTF-8"?><record xmlns="http://www.loc.gov/MARC21/slim" xmlns:cinclude="http://apache.org/cocoon/include/1.0" xmlns:zs="http://www.loc.gov/zing/srw/">
  <leader>00848nz  a2200229n  4500</leader>
  <controlfield tag="001">no2014050593</controlfield>
  <controlfield tag="003">DLC</controlfield>
  <controlfield tag="005">20140417073553.0</controlfield>
  <controlfield tag="008">140416n| azannaabn          |n aaa     c</controlfield>
  <datafield tag="010" ind1=" " ind2=" ">
    <subfield code="a">no2014050593</subfield>
  </datafield>
  <datafield tag="035" ind1=" " ind2=" ">
    <subfield code="a">(OCoLC)oca09735886</subfield>
  </datafield>
  <datafield tag="040" ind1=" " ind2=" ">
    <subfield code="a">OClU</subfield>
    <subfield code="b">eng</subfield>
    <subfield code="e">rda</subfield>
    <subfield code="c">OClU</subfield>
  </datafield>
  <datafield tag="100" ind1="1" ind2=" ">
    <subfield code="a">Coleman, Darrell E.</subfield>
  </datafield>
  <datafield tag="370" ind1=" " ind2=" ">
    <subfield code="c">United States</subfield>
    <subfield code="2">naf</subfield>
  </datafield>
  <datafield tag="370" ind1=" " ind2=" ">
    <subfield code="e">Ohio</subfield>
    <subfield code="2">naf</subfield>
  </datafield>
  <datafield tag="373" ind1=" " ind2=" ">
    <subfield code="a">Cleveland State University. Department of English</subfield>
    <subfield code="2">naf</subfield>
    <subfield code="t">2013</subfield>
  </datafield>
  <datafield tag="374" ind1=" " ind2=" ">
    <subfield code="a">Graduate students</subfield>
    <subfield code="2">lcsh</subfield>
    <subfield code="t">2013</subfield>
  </datafield>
  <datafield tag="375" ind1=" " ind2=" ">
    <subfield code="a">male</subfield>
  </datafield>
  <datafield tag="377" ind1=" " ind2=" ">
    <subfield code="a">eng</subfield>
  </datafield>
  <datafield tag="378" ind1=" " ind2=" ">
    <subfield code="q">Darrell Edward</subfield>
  </datafield>
  <datafield tag="670" ind1=" " ind2=" ">
    <subfield code="a">The trope of domesticity, 2013:</subfield>
    <subfield code="b">title page (Darrell E. Coleman, M.A. in English at the Cleveland State University, May 2013)</subfield>
  </datafield>
  <datafield tag="670" ind1=" " ind2=" ">
    <subfield code="a">Information from website of author's ETD, viewed March 10, 2014</subfield>
    <subfield code="b">(Darrell Edward Coleman)</subfield>
    <subfield code="u">http://rave.ohiolink.edu/etdc/view?acc_num=csu1371724364</subfield>
  </datafield>
</record>